@article{GilmoreGomoryV1Article,
author="P.C. Gilmore and R.E. Gomory",
year="1961",
title="A Linear programming approach to the cutting-stock problem",
journal="Operation research",
volume="9",
pages="849 -- 859",
number="6",
month ="Nov. -- Dec."}

@article{GilmoreGomoryV2Article,
author="P.C. Gilmore and R.E. Gomory",
year="1963",
title="A Linear programming approach to the cutting-stock problem - Part {II}",
journal="Operation research",
volume="11",
pages="863 -- 888",
number="6",
month ="Nov. -- Dec."}

@article{DyckhoffLPArticle,
author="Harald Dyckhoff",
year="1981",
title="A new Linear programmin approach to the cutting stock problem",
journal="Operation research",
volume="29",
pages="1092 -- 1104",
number="6",
mont ="Nov. -- Dec."}

@article{DyckhoffTyArticle,
author="Harald Dyckhoff",
year="1990",
title="A typology of cutting and packing problems",
journal="European Journal of Operation research",
volume="44",
pages="145 -- 159"}

@article{CerqueiraArticle,
author="Goncalo Renilde Lima Cerqueira and Horacio Hideki Yanasse",
year="2009",
title="A pattern reduction procedure in a one-dimensional cutting stock probelm by grouping items accroding to their demands",
journal="Journal of Computational Interdisciplinary Sciences",
volume="1",
pages="159 -- 164",
number="2"}

@article{GauArticle,
author="T. Gau and G. Wascher",
year="1995",
title="A problem generator for the Standard One-dimensional Cutting Stock Problem",
journal="European Journal of Operational Research",
volume="84",
pages="572 -- 579"}

@article{GoulimisArticle,
author="Constantine Goulimis",
year="1990",
title="Optimal solutions for the cutting stock problem",
journal="European Journal of Operational Research",
volume="44",
pages="197 -- 208"}

@article{HaesslerArticle,
author="Robert W. Haessler and Paul E. Sweeney",
year="1991",
title="Cutting stock problems and solution procedures",
journal="European Journal of Operational Research",
volume="54",
pages="141 -- 150"}

@book {ChvatalBook,
author="Vasek Chvatal",
year="1984",
title="Linear Programming",
publisher="W.H. Freeman and Company",
address="New York"}

@book{WojdaLecture,
author=" A. Paweł Wojda",
title="Wykłady z programowania liniowego",
publisher="Wydział Matematyki Stosowanej AGH",
year="2003"}


